@manual{rstat,
    title = {R: A Language and Environment for Statistical Computing},
    author = {{R Core Team}},
    organization = {R Foundation for Statistical Computing},
    address = {Vienna, Austria},
    year = {2020},
    url = {https://www.R-project.org/},
}

@article{pubmed,
  title={A General Introduction to the E-utilities},
  author={Sayers, Eric},
  journal={Entrez Programming Utilities Help [Internet]. Bethesda (MD): National Center for Biotechnology Information (US)},
  year={2010}
}

@article{lipscomb2000medical,
  title={Medical subject headings (MeSH)},
  author={Lipscomb, Carolyn E},
  journal={Bulletin of the Medical Library Association},
  volume={88},
  number={3},
  pages={265},
  year={2000},
  publisher={Medical Library Association}
}

@inproceedings{eppstein2010listing,
  title={Listing all maximal cliques in sparse graphs in near-optimal time},
  author={Eppstein, David and L{\"o}ffler, Maarten and Strash, Darren},
  booktitle={International Symposium on Algorithms and Computation},
  pages={403--414},
  year={2010},
  organization={Springer}
}

@article{chipman2010bart,
  title={BART: Bayesian additive regression trees},
  author={Chipman, Hugh A and George, Edward I and McCulloch, Robert E and others},
  journal={The Annals of Applied Statistics},
  volume={4},
  number={1},
  pages={266--298},
  year={2010},
  publisher={Institute of Mathematical Statistics}
}

@article{kapelner2013bartmachine,
  title={bartMachine: Machine learning with Bayesian additive regression trees},
  author={Kapelner, Adam and Bleich, Justin},
  journal={arXiv preprint arXiv:1312.2171},
  year={2013}
}

@incollection{hastie2009boosting,
  title={Boosting and additive trees},
  author={Hastie, Trevor and Tibshirani, Robert and Friedman, Jerome},
  booktitle={The elements of statistical learning},
  pages={337--387},
  year={2009},
  publisher={Springer}
}

@article{kapelner2015prediction,
  title={Prediction with missing data via Bayesian additive regression trees},
  author={Kapelner, Adam and Bleich, Justin},
  journal={Canadian Journal of Statistics},
  volume={43},
  number={2},
  pages={224--239},
  year={2015},
  publisher={Wiley Online Library}
}
